3634 5575
1141 521 1242 567 svo
1281 529 1348 567 ΕΞ
1387 523 1570 568 οῐιτἮε
1609 529 1714 568 ruz·
1751 522 2058 568 mur-Pin
2097 523 2293 570 ArrmA
2846 515 2949 574 387

499 687 608 731 συ
641 659 860 755 νήθη
917 661 1196 761 χορὸν
1251 659 1680 757 ὄκλασμα
1735 659 2597 762 καλούμενον,πρὶν
2640 663 2689 759 ἢ
2726 659 2947 772 ῥίψῃ

499 787 832 857 ἑαυτὸν
889 787 1024 868 εἰς
1083 811 1126 856 τ
1158 787 1190 852 ὸ
1223 784 1513 886 φρέαρ.
1570 782 1968 884 Προὸαίνων
2007 777 2077 858 δὲ
2120 787 2239 858 καὶ
2274 785 2672 887 πορρωτέρω
2714 793 2749 860 ὁ
2792 783 2953 863 Ste-

502 903 736 1010 phani
810 913 1262 1007 ἀποπειρᾶται
1317 911 1402 981 νά
1442 907 1740 1017 σχετίσῃ
1785 915 1902 982 καὶ
1943 908 2173 994 ἄλλας
2213 906 2680 1008 παραστάσεις
2733 914 2951 984 ἀπαν-

502 1032 734 1115 τώσας
791 1036 899 1104 ἐπὶ
942 1031 1238 1129 ἀγγείων
1305 1036 1465 1132 πρὸς
1507 1037 1629 1106 τόν
1701 1038 1827 1104 ὑπὸ
1871 1044 1993 1106 τοῦ
2063 1025 2394 1133 Διοδώρου
2457 1035 2949 1134 ἀναφερόμενον

498 1156 706 1254 μῦθον
745 1157 862 1228 καὶ
905 1155 1378 1256 ἀποφαίνεται,
1422 1157 1529 1228 ὅτι
1569 1159 1639 1228 αἱ
1669 1155 2139 1257 παραστάσεις
2181 1153 2387 1230 αὗται
2419 1147 2528 1229 δὲν
2566 1157 2950 1254 ἐνοήθησαν

498 1279 705 1353 εἰσέτι
746 1275 851 1381 (1)
894 1272 1322 1352 ἀποδοθεῖσαι
1359 1283 1452 1364 εἰς
1491 1283 1623 1375 τὴν
1661 1289 1793 1375 τῆς
1835 1278 2199 1378 Ὠρειθυίας
2230 1283 2356 1352 ὑπὸ
2400 1292 2523 1354 τοῦ
2555 1280 2801 1382 Βορέου
2840 1284 2953 1382 ἀρ·

499 1404 759 1500 παγὴν,
802 1409 929 1498 ἐνῷ
966 1408 1124 1475 κατ’
1161 1406 1371 1476 αὐτὸν
1410 1404 1640 1504 πρέπει
1687 1407 1772 1475 νά
1809 1395 2233 1476 ἀποδοθῶσιν
2297 1406 2389 1488 εἰς
2420 1406 2540 1478 τὸν
2592 1405 2885 1504 Βούτη
2913 1433 2951 1482 ν

502 1526 621 1597 καὶ
669 1527 800 1621 τὴν
859 1519 1341 1624 Κορωνίδα.
2406 1513 2409 1516 ’

607 1650 786 1749 Πρός
829 1651 961 1744 τὴν
1001 1649 1365 1750 ἑρμηνείαν
1396 1650 1667 1746 ταύτην
1712 1662 1835 1724 τοῦ
1872 1646 2241 1754 Stephani
2291 1649 2784 1751 συμὸιὸάζεται
2824 1656 2949 1753 μὲν

494 1777 577 1852 τὸ
617 1775 850 1871 νεαρὸν
886 1776 1004 1846 καὶ
1042 1775 1345 1872 ἀγένειον
1385 1785 1506 1847 τοῦ
1549 1775 1808 1848 νεανίου
1832 1834 1851 1867 ,
1891 1776 2271 1876 παρέχεται
2315 1777 2499 1875 ὅμως
2541 1777 2815 1878 ἀφορμὴ
2855 1782 2949 1864 εἰς

495 1895 725 1980 ἄλλας
764 1895 1259 1997 μεγαλειτέρας
1291 1895 1730 2001 ἀμφιὸολίας·
1775 1903 1808 1970 ὁ
1850 1910 1971 1972 τοῦ
2017 1889 2348 1999 Διοδώρου
2387 1891 2549 1995 δηλ.
2587 1897 2784 1988 οὗτος
2826 1913 2948 2000 μῦ·

493 2021 602 2106 θος
654 2021 760 2093 ὑπ’
799 2013 1061 2106 οὐδενος
1106 2021 1331 2094 ἄλλου
1375 2022 1825 2120 ἀρχαιοτέρου
1863 2035 2155 2118 ποιητοῦ
2199 2026 2246 2119 ἢ
2288 2023 2731 2125 συγγραφέως
2768 2053 2947 2124 μνη-

489 2145 934 2242 μονευόμενος
975 2139 1084 2216 δὲν
1123 2139 1254 2216 εἷνε
1295 2141 1578 2240 βεὸαίως
1620 2147 1944 2237 παλαιὸς,
1976 2147 2141 2219 ἀλλ’
2179 2145 2498 2242 ἐπλάσθη
2538 2153 2608 2220 ἐν
2647 2175 2943 2249 μεταγε·

489 2270 848 2368 νεστέροις.
857 2271 972 2342 καὶ
1004 2271 1180 2343 πολὺ
1207 2269 1485 2341 πιθανὸν
1515 2274 1583 2340 ἐν
1616 2281 1760 2354 τοῖς
1787 2267 1999 2342 Ἀλεζ
1970 2263 2333 2372 ,ανδρινοῒς
2367 2283 2634 2420 πρῶτον
2653 2273 2946 2372 χρόνοις,

487 2399 614 2489 ἐνῷ
656 2399 736 2467 τό
781 2399 851 2466 ἐν
895 2394 1089 2493 λόγῳ
1134 2399 1440 2493 ἀγγεῖον,
1491 2395 1584 2477 ὡς
1625 2397 1670 2490 ἡ
1715 2393 1937 2494 τέχνη
1980 2399 2191 2468 αὐτοῦ
2231 2387 2327 2466 δει
2309 2421 2513 2468 κνυει
2556 2392 2676 2497 (τὸ
2715 2401 2946 2472 ὁποῖον

487 2509 596 2590 δὲν
635 2522 935 2616 ἀρνεῖται
971 2519 1089 2590 καὶ
1127 2521 1334 2602 αὐτὸς
1375 2523 1409 2589 ὁ
1453 2511 1873 2618 Stephani)
1904 2511 2036 2619 (²),
2070 2517 2309 2615 ἀνήκει
2362 2514 2649 2615 βεὸαίως
2692 2523 2786 2606 εἰς
2822 2524 2943 2595 τὸν

491 2647 598 2714 4ον
648 2668 716 2714 π.
753 2643 838 2715 X.
870 2645 1109 2715 αἰῶνα.

599 2766 722 2837 Δὲν
752 2758 921 2838 εἶναι
963 2765 1204 2839 λοιπὸν
1231 2759 1520 2841 δυνατὸν
1551 2769 1635 2840 νά
1662 2766 2123 2866 ὑποθέσωμεν,
2158 2767 2265 2841 ὅτι
2296 2773 2331 2840 ὁ
2367 2765 2700 2869 τεχνίτης
2724 2796 2945 2844 κατα·

489 2887 839 2968 σκευάζων
881 2892 961 2960 τὸ
1001 2892 1194 2989 ἔργον
1227 2918 1350 2963 του
1393 2885 1577 2991 εἶχεν
1618 2896 1728 2964 ὑπ’
1757 2890 1900 2991 ὄψει
1936 2895 2055 2963 τὸν
2078 2892 2653 2993 μεταγενέστερον
2696 2904 2943 2966 τοῦτον

489 3012 718 3110 μῦθον.
761 3009 997 3084 Ἀλλά
1036 3016 1152 3084 καὶ
1191 3014 1274 3085 ἀν
1313 3014 1610 3124 ὑποτεθῇ
1653 3020 1686 3086 ὁ
1723 3016 1928 3113 μῦθος
1966 3014 2265 3099 παλαιὸς
2309 3016 2425 3087 καὶ
2477 3020 2513 3088 ὁ
2540 3014 2812 3111 Βούτης
2850 3020 2943 3103 ὡς

488 3129 854 3236 Βορεάδης,
938 3135 1266 3235 μολονότι
1359 3138 1467 3209 ὑπ’
1513 3130 1775 3224 οὐδενὸς
1853 3136 2081 3211 ἄλλου
2152 3149 2447 3233 ποιητοῦ
2526 3142 2574 3236 ἢ
2633 3167 2941 3241 συγγρα-

486 3260 659 3361 φέως
697 3260 1200 3357 μνημονεύεται
1233 3262 1325 3345 ὡς
1350 3272 1653 3347 τοιοῦτος
1709 3257 1843 3365 (3),
1882 3255 1989 3334 δὲν
2012 3261 2287 3361 ἁρμόζει
2340 3267 2433 3348 εἰς
2454 3264 2589 3359 τὴν
2608 3259 2942 3365 ἐξήγησιν

487 3382 755 3479 ταύτην
824 3388 903 3455 τὸ
935 3386 1206 3481 σεμνὸν,
1269 3388 1350 3456 τὸ
1382 3384 1754 3482 συμπαθές,
1782 3389 1901 3457 καὶ
1942 3392 2023 3459 τὸ
2066 3378 2316 3485 σχεδὸν
2362 3388 2769 3486 λειπόθυμον
2809 3399 2942 3485 τῆς

487 3506 872 3607 ἐκφράσεως
918 3518 1047 3601 τῆς
1085 3500 1424 3597 νεάνιδος,
1493 3514 1564 3581 ἐν
1610 3521 1710 3606 τῷ
1765 3508 2081 3610 ἡμετέρῳ
2141 3508 2615 3611 τούλάχιστον
2658 3510 2941 3609 ἀγγείῳ,

482 3630 705 3713 καθὼς
739 3622 848 3701 δὲν
886 3629 1157 3729 ἁρμόζει
1197 3630 1436 3726 ἐπίσης
1480 3634 1572 3715 εἰς
1613 3633 1744 3728 τὴν
1785 3629 2121 3733 ἐξήγησιν
2166 3632 2437 3729 ταύτην
2465 3636 2513 3729 ἡ
2553 3634 2775 3732 σεμνὴ
2820 3637 2937 3707 καὶ

485 3750 1000 3853 συμπάσχουσα
1036 3756 1194 3853 πρὸς
1235 3756 1366 3849 τὴν
1405 3754 1583 3827 θέσιν
1625 3766 1756 3849 τῆς
1793 3749 2092 3841 νεάνιδος
2123 3758 2441 3858 ἔκφρασις
2490 3769 2611 3830 τοῦ
2654 3756 2939 3832 νεανίου·

488 3874 654 3947 ἀλλ’
690 3876 1094 3951 ἀντιτάσσει
1137 3886 1171 3951 ὁ
1212 3874 1583 3981 Stephani
1639 3887 1718 3953 το
1757 3883 2015 3980 γυμνὸν
2054 3882 2151 3985 ἐφ’
2181 3878 2257 3956 οὗ
2298 3882 2413 3955 καὶ
2453 3883 2662 3981 μόνου
2698 3909 2941 3985 στηρι-

483 3997 758 4097 ζόμενος
829 3994 1068 4099 ἐξηγεῒ
1103 4002 1322 4100 αὐτὴν
1392 4003 1484 4087 ὡς
1527 3995 1859 4101 μαινάδα,
1936 4005 2095 4077 ἀνευ
2135 4005 2343 4104 ὅμως,
2424 4006 2516 4091 ὡς
2556 4004 2939 4107 νομίζομεν,

555 4224 616 4295 (¹)
659 4225 686 4279 ὁ
716 4223 862 4288 αὑτὸς
893 4224 1062 4279 αὖτόθι
1092 4227 1198 4280 σελ.
1235 4227 1324 4283 24.

550 4314 609 4383 (²)
649 4312 816 4367 αὖτίθι
847 4316 955 4368 σελ.
990 4316 1078 4371 ⁶23.

553 4403 611 4473 (³)
653 4404 934 4458 'Axonam
973 4404 1106 4468 1,9.
1157 4404 1236 4468 16,
1273 4406 1359 4461 25.
1396 4405 1636 4469 3,14.8,
1673 4406 1759 4459 15.
1821 4407 1869 4462 1.
1906 4407 2076 4462 ΙΙαυ.σ
2113 4409 2161 4469 1,
2188 4407 2273 4464 26.
2310 4408 2361 4464 6.
2426 4406 2670 4480 ἫΑρποκρ
2752 4408 2937 4480 Ἐτυμ.

485 4491 562 4545 M.
596 4492 677 4543 καὶ
720 4490 849 4545 (υΗσ
825 4514 912 4565 χ.
967 4488 1015 4546 ἐν
1044 4493 1192 4555 λέξ.ι.
1229 4493 1382 4565 ’.Ορφ
1443 4494 1496 4548 Α
1553 4494 1673 4549 138.
1710 4492 1888 4549 Valet
1926 4492 2944 4567 F1.1.39411yg.14.E60-=oeo.nt;

492 4572 692 4649 Ὅμηρ.
756 4579 838 4635 13
873 4580 961 4636 13.
997 4578 1282 4635 Απολλοδ.
1347 4582 1395 4643 1,
1431 4582 1484 4636 9.
1519 4581 1606 4636 25.
1663 4582 1824 4637 Serv.
1885 4583 2049 4654 Virg.
2090 4584 2238 4640 Aen.
2294 4586 2342 4650 1,
2388 4584 2578 4641 574..)
2585 4584 2723 4649 ,24)
2772 4584 2945 4643 ovid.

489 4668 720 4724 Melam.
767 4670 816 4735 7,
853 4668 974 4725 500.
1020 4670 1180 4741 Virg.
1217 4672 1362 4725 Aen
1409 4671 1494 4735 11,
1530 4670 1653 4726 690.
1697 4670 1748 4726 9.
1783 4670 1907 4728 6421
