3634 5575
709 435 812 494 386
1349 449 1452 488 aro
1491 441 1558 488 se
1595 447 1780 490 orn-m:
1817 445 1925 490 rm:
1960 449 2269 489 unarum
2306 440 2503 490 Art-mx

703 584 856 684 περὶ
895 583 1018 655 τὸν
1060 579 1333 678 Βούτην
1377 577 1736 665 ἐσπάνιζον
1775 592 2145 678 γυναικῶν,
2174 579 2653 680 περιπλέοντες
2682 577 2985 679 ἥρπαζον
3024 577 3167 652 ἀπὸ

703 716 842 803 τῆς
877 703 1110 804 χώρας
1158 715 1508 802 γυναῖκας.
1549 695 1833 798 Ἐπειδὴ
1878 707 2061 802 ὅμως
2117 715 2258 774 τῶν
2302 705 2429 802 μὲν
2472 696 2864 776 Κυκλάδων
2924 705 3165 798 νήσων

701 831 775 902 αἱ
853 830 977 928 μὲν
1022 827 1416 928 ὁλοσχερῶς
1483 828 1724 926 ἔρημοι
1804 832 2142 926 ὑπῆρχον,
2167 829 2237 898 αἱ
2313 817 2384 898 δὲ
2453 825 2563 898 ὑπ’
2592 825 2849 922 ὀλίγων
2918 851 3161 896 κατοι·

703 949 1480 1049 κούμεναι,πλεύσαντες
1497 951 1895 1048 πορρωτέρω
1917 951 2489 1050 προσηνέχθησαν
2506 953 2597 1033 εἰς
2618 951 2753 1042 τὴν
2764 947 3163 1020 Θεσσαλίαν

703 1077 820 1147 καὶ
844 1071 1224 1158 ἀποὸάντες
1245 1077 1353 1145 ἐπὶ
1372 1075 1505 1168 τὴν
1547 1073 1781 1174 χώραν
1803 1074 2203 1173 περιέτυχον
2229 1083 2380 1156 ταῖς
2398 1081 2665 1172 τροφοῖς
2697 1081 2818 1144 τοῦ
2832 1071 3162 1144 Διονύσου

703 1200 850 1298 περὶ
895 1203 977 1270 τὸ
1018 1196 1445 1295 καλούμενον
1487 1195 1672 1297 Δρίος
1729 1195 2201 1296 ὀργιαζούσαις
2266 1205 2368 1292 τῷ
2408 1195 2537 1290 θεῷ
2580 1199 2651 1266 ἐν
2689 1201 2781 1301 τῇ
2822 1184 3164 1266 Φθιώτιδι

701 1315 989 1420 Ἀχαίᾳ.
1027 1321 1240 1422 Ἀφοῦ
1283 1311 1355 1392 δὲ
1387 1323 1448 1393 οἱ
1493 1321 1638 1418 περὶ
1681 1323 1801 1391 τὸν
1846 1317 2119 1413 Βούτην
2149 1316 2563 1420 ἐφώρμησαν
2600 1321 2787 1389 κατὰ
2829 1327 2969 1388 τῶν
3007 1343 3167 1414 τρο-

699 1445 1050 1546 φῶν,τινὲς
1089 1445 1212 1542 μὲν
1241 1441 1522 1543 ῥίψασαι
1559 1446 1652 1514 τὰ
1680 1447 1884 1540 ἱερεῖα
1926 1445 2170 1543 ἔφυγον
2200 1445 2293 1526 εἰς
2325 1441 2455 1536 τὴν
2486 1440 3053 1533 θάλασσαν,τινὲς
3088 1431 3165 1512 δὲ

702 1574 794 1655 εἰς
829 1573 908 1642 τὸ
941 1571 1089 1669 ὄρος
1127 1569 1208 1640 τὸ
1239 1567 1664 1666 καλούμενον
1703 1567 1915 1666 Δρίος·
1938 1572 1985 1664 ἡ
2016 1560 2086 1640 δὲ
2122 1569 2422 1665 Κορωνὶς
2444 1567 2832 1666 ἁρπαγεῖσα
2868 1565 2995 1637 ὑπὸ
3031 1575 3165 1635 τοῦ

703 1693 968 1766 Βούτου
1009 1691 1426 1791 ἠναγκάσθη
1474 1693 1558 1763 νὰ
1589 1693 1971 1797 συνοικήσῃ
2015 1683 2361 1790 αὐτῷ,διά
2402 1682 2473 1764 δὲ
2516 1691 2648 1786 τὴν
2686 1691 3003 1790 ἁρπαγὴν
3039 1693 3167 1761 καὶ

699 1815 834 1912 τὴν
893 1815 1434 1914 προσγινομένην
1491 1819 1673 1924 αὐτῇ
1731 1811 1915 1914 ῧὸριν
1970 1817 2464 1912 ἀγανακτοῦσα
2524 1813 2955 1907 ἐπεκαλέσθη
3034 1815 3167 1884 τὀν

703 1943 1024 2014 Διόνυσον
1089 1944 1173 2010 νά
1213 1947 1307 2048 τῇ
1348 1937 1691 2048 βοηθήσῃ·
1770 1945 2018 2024 ἐκεῖνος
2080 1931 2151 2012 δὲ
2212 1937 2493 2012 ἐνέὸαλε
2569 1939 2819 2038 μανίαν
2874 1943 2967 2023 εἰς
3037 1941 3169 2009 τὸν

705 2062 995 2160 Βούτην,
1036 2066 1223 2149 ὅστις
1265 2057 1376 2136 διὰ
1409 2077 1614 2138 τοῦτο
1658 2065 2188 2166 παραφρονήσας
2243 2065 2498 2165 ἔρριψεν
2540 2067 2785 2139 ἑαυτὸν
2828 2067 2919 2150 εἰς
2956 2063 3167 2164 φρέαρ

706 2192 822 2294 καὶ
860 2188 1301 2283 ἐτελεύτησε.

818 2314 1026 2384 Κατὰ
1066 2313 1198 2406 τὴν
1267 2313 1394 2383 ὑπὸ
1448 2321 1569 2383 τοῦ
1640 2303 1973 2412 Διοδώρου
2015 2311 2255 2384 λοιπὸν
2320 2311 2829 2414 ἀναφερομένην
2899 2309 3169 2406 ταύτην

705 2445 830 2509 τοῦ
869 2435 1078 2533 μύθου
1127 2425 1495 2533 παράδοσιν
1558 2440 1592 2508 ὀ
1651 2429 2021 2536 Stephani
2078 2443 2321 2535 φρονεῖ,
2370 2436 2476 2505 ὅτι
2514 2431 2867 2533 ἐξηγεῖται
2903 2434 3167 2531 πληρέ·

707 2583 942 2630 στατα
979 2562 1026 2652 ἡ
1067 2561 1135 2628 ἐν
1174 2556 1369 2652 λόγῳ
1411 2557 1865 2656 παράστασις,
1909 2559 2091 2630 ὥστε
2142 2549 2427 2630 δύναται
2493 2561 2675 2656 μετὰ
2704 2554 3165 2653 βεὸαιότητος

703 2685 790 2754 νά
830 2679 1082 2789 λεχθῇ,
1149 2683 1254 2752 ὅτι
1294 2679 1711 2780 παρίσταται
1767 2683 2059 2752 ἐνταῦθα
2120 2686 2166 2777 ἡ
2226 2683 2323 2780 ἁρ
2354 2708 2401 2752 π
2428 2707 2537 2778 αγ
2566 2681 2613 2774 ὴ
2669 2689 2816 2775 τῆς
2880 2681 3165 2778 Κορω-

705 2798 945 2888 νίδος
983 2808 1160 2877 ὑπο
1206 2818 1361 2876 τοῦ
1401 2798 1852 2903 Βορεάδου
1897 2806 2261 2897 Βούτου,
2318 2798 2520 2896 διότι,
2578 2804 2793 2901 λέγει,
2865 2810 2942 2875 τὸ
3000 2800 3167 2901 βαρ-

703 2924 979 3026 6αρικὸν
1047 2936 1175 3022 τῆς
1212 2919 1622 3021 ἐνδυμασίας
1692 2926 1965 3027 ἁρμόζει
2006 2928 2210 3000 τόσον
2266 2932 2358 3013 εἰς
2413 2938 2531 2999 τον
2570 2930 2807 3025 Θρᾷκα
2862 2927 3163 3021 Βούτην,

707 3052 867 3125 ὅσον
903 3054 1020 3122 καὶ
1057 3052 1148 3134 εἰς
1181 3054 1297 3122 τὸν
1339 3051 1599 3149 πατέρα
1639 3078 1784 3135 τοο,
1846 3056 1915 3124 αἱ
1954 3052 2277 3150 πτέρυγες
2357 3046 2426 3126 δὲ
2469 3057 2583 3126 καὶ
2626 3056 2706 3123 τὸ
2739 3054 2969 3144 νεαρὸν
3042 3052 3160 3122 καὶ

705 3174 1008 3274 ἀγένειον
1047 3176 1402 3273 πρόσωπον
1443 3174 1846 3273 ἁρμόζουσιν
1887 3176 2125 3271 ἐπίσης
2165 3180 2369 3251 τόσον
2406 3182 2499 3264 εἰς
2540 3184 2660 3252 τὸν
2698 3176 3161 3275 Βούτην,ὅσον

711 3302 825 3371 καὶ
865 3302 958 3383 εἰς
1003 3299 1160 3383 τοὺς
1201 3292 1532 3399 ἀδελφοὺς
1567 3303 1774 3371 αὐτοῦ
1813 3302 1993 3385 υἱοὺς
2036 3312 2155 3373 τοῦ
2200 3293 2364 3372 ἰδίου
2409 3302 2687 3401 πατρός,
2758 3303 2996 3399 Ζήτην
3040 3305 3163 3372 καὶ

713 3422 1016 3515 Κάλαϊν,
1057 3428 1136 3495 τὸ
1174 3413 1246 3494 δὲ
1285 3425 1539 3519 γυμνὸν
1571 3423 1772 3505 τέλος
1834 3434 1964 3519 τῆς
2002 3417 2301 3509 νεάνιδος
2352 3425 2627 3523 ἁρμόζει
2660 3425 3021 3497 κάλλιστα
3065 3432 3163 3531 τῇ

710 3538 990 3647 μαινάδι
1027 3538 1377 3645 Κορωνίδι.

815 3669 965 3765 Τὴν
1001 3664 1333 3766 ἐξήγησίν
1373 3696 1492 3741 του
1533 3666 1798 3767 ταύτην
1844 3674 2215 3771 προσπαθεῖ
2247 3680 2280 3746 ό
2312 3670 2683 3776 Stephani
2726 3678 2808 3747 νά
2837 3701 3161 3775 προσεπι-

711 3794 988 3900 κυρώσῃ
1027 3795 1144 3863 καὶ
1191 3788 1262 3874 ἐξ
1307 3790 1533 3865 ἄλλου
1573 3794 1963 3895 πολυχρόου
2005 3798 2282 3895 ἀγγείου
2324 3808 2451 3892 τῆς
2486 3804 2705 3893 αὐτῆς
2736 3798 2993 3897 τέχνης
3038 3801 3159 3869 καὶ

713 3928 845 4014 τῆς
883 3921 1100 4011 αὐτῆς
1139 3922 1402 4017 ἐποχῆς
1461 3910 1846 4005 ἐκδοθέντος
1889 3924 2005 3993 καὶ
2050 3922 2299 3995 τούτου
2360 3926 2485 3994 ὑπὸ
2526 3934 2647 3995 τοῦ
2692 3914 2855 3995 ἰδίου
2894 3917 2998 4025 (¹)
3038 3926 3159 3995 καὶ

713 4052 1187 4141 παριστῶντος
1238 4040 1508 4113 νεανίαν
1547 4046 1897 4142 πτερωτὸν
1953 4043 2353 4147 βαρὸαρικὸν
2398 4038 2829 4145 ἐνδεδυμένον
2872 4038 3157 4143 ἔνδυμα.

713 4164 830 4235 Ἐν
862 4173 960 4261 τῷ
999 4162 1229 4261 νεανίᾳ
1261 4163 1490 4261 τούτῳ
1520 4170 1715 4265 ἐνορᾷ
1763 4172 1796 4238 ὁ
1830 4162 2204 4269 Stephani
2249 4174 2350 4240 αὐ
2373 4172 2529 4242 τὸν
2583 4196 2624 4242 τ
2660 4174 2691 4240 ὁ
2721 4194 2755 4237 ν
2794 4169 2962 4241 Βού
2992 4195 3032 4241 τ
3055 4195 3161 4266 ην

717 4288 1210 4389 ὀρχούμεν
1243 4311 1340 4361 ον
1393 4296 1544 4359 τον
1583 4292 1821 4362 κατὰ
1880 4294 2037 4389 τὴν
2078 4294 2419 4392 ἑορτὴν
2476 4320 2513 4365 τ
2548 4302 2651 4365 οῦ
2704 4292 3161 4365 Διονύσου

787 4560 848 4639 (ι)
887 4564 1100 4622 Boreas
1129 4577 1185 4619 u.
1217 4556 1311 4619 die
1341 4563 1638 4621 Boreaden
1675 4568 1774 4622 πίν.
1809 4569 1885 4624 11.
