3634 5575
673 419 778 478 388
1313 436 1416 476 aro
1453 437 1522 478 ει
1557 437 1743 477 ona-m:
1779 437 1887 478 rm:
1922 437 2233 480 nmmum
2270 438 2465 480 wrm

669 569 1114 668 ἀποχρῶντος
1152 567 1394 667 λόγου,
1433 559 1604 642 διότι
1657 571 1853 652 ἐκτὸς
1924 580 2061 642 τῶν
2092 561 2389 642 πεδίλων
2463 567 2707 670 φέρειή
2750 577 2975 652 νεᾶνις
2996 569 3131 640 καὶ

667 689 956 782 πέπλον,
1019 691 1234 784 ὅστις,
1277 691 1361 762 ἂν
1405 689 1861 789 ἀνεμούμενος
1916 691 2134 799 πίπτη
2202 694 2295 776 εἰς
2375 694 2469 764 τὰ
2530 691 2798 763 ὄπισθεν
2864 689 3135 793 ἀφίνων

665 815 924 914 γυμνὸν
965 817 1046 888 τὸ
1075 815 1445 914 ἔμπροσθεν
1489 825 1608 887 τοῦ
1653 813 1981 914 σώματος
2023 817 2245 916 μέρος,
2304 825 2513 888 τοῦτο
2550 815 2779 912 πρέπει
2818 817 2901 884 νά
2942 818 3127 886 ἀπο-

663 928 828 1046 δοθῇ
855 936 1138 1035 μᾶλλον
1175 941 1268 1022 εἰς
1307 939 1442 1032 τὴν
1473 943 1550 1010 ἐκ
1572 937 2133 1039 καλλιτεχνικῶν
2176 939 2411 1036 λόγων
2446 939 2955 1040 προερχομένην
2990 949 3127 1012 τοῦ

665 1059 986 1160 τεχνίτου
1025 1059 1428 1160 ἐλευθερίαν,
1467 1062 1652 1134 ὥστε
1689 1063 2063 1163 θεωροῦμεν
2106 1064 2265 1138 λίαν
2308 1063 2662 1164 τολμηρὸν
2700 1067 2779 1136 ἐκ
2825 1073 2957 1160 τῆς
2992 1091 3131 1161 γυ-

667 1187 1016 1284 μνότητος
1055 1187 1174 1258 καὶ
1203 1187 1446 1284 μόνης,
1487 1190 1620 1284 ένῷ
1655 1179 1845 1260 οὐδὲν
1884 1185 2071 1262 ἄλλο
2110 1185 2447 1288 βακχικὸν
2482 1191 3129 1288 χαρακτηριστικὸν

665 1317 1189 1410 παρατηρεῒται,
1228 1312 1314 1380 νά
1353 1305 1664 1416 ἐξηγηθῇ
1710 1313 1758 1406 ἡ
1795 1311 2018 1408 σεμνὴ
2058 1310 2242 1407 αὕτη
2280 1321 2498 1396 νεᾶνις
2532 1313 2628 1396 ὡς
2666 1307 2937 1409 μαινάς.

767 1429 1022 1528 Ἀλλη
1075 1435 1234 1534 πρὸς
1279 1445 1431 1519 ταῖς
1468 1435 1851 1534 εἰρημέναις
1890 1433 2267 1538 ἀμφιὸολία
2322 1439 2480 1537 οὐχὶ
2522 1439 2734 1536 μικρὰ
2768 1433 3129 1538 προστίθε-

665 1559 892 1652 ται,τὸ
929 1559 1037 1630 ἐπὶ
1080 1567 1213 1652 τῆς
1256 1556 1568 1660 κεφαλῆς
1602 1569 1724 1633 τοῦ
1767 1561 2103 1660 ἡμετέρου
2136 1559 2397 1634 νεανίου
2439 1587 2539 1634 κυ
2562 1589 2599 1632 ν
2626 1587 2714 1632 οε
2744 1550 2925 1644 ιὸὲς
2960 1586 3007 1632 κ
3032 1558 3127 1632 ά-

665 1681 778 1756 λ·υ
805 1709 860 1783 μ
887 1711 942 1782 μ
967 1709 1040 1774 α,
1117 1678 1188 1765 ἐξ
1253 1679 1330 1754 οὗ
1403 1681 1701 1755 ἀλλοίαν
1773 1682 1981 1778 ἤθελέ
2036 1711 2139 1769 τις
2178 1677 2372 1792 δώσῃ
2406 1681 2741 1784 ἐξήγησιν
2776 1681 3128 1783 σχετίζων

665 1809 835 1878 αὐτὸ
873 1809 1034 1906 πρὸς
1079 1809 1160 1878 τὸ
1192 1809 1508 1905 γνωστὸν
1549 1810 1878 1905 ὁμηρικὸν
1916 1807 2167 1908 χωρίον
2200 1808 2327 1881 Ἰλ.
2378 1810 2429 1880 Ε
2462 1807 2610 1881 845

2170 1999 2189 2015 .
2220 1951 2475 2038 ,Αὐτὰρ
2526 1949 2771 2026 Ἀθήνη

1063 2059 1198 2130 δῦν’
1238 2055 1460 2138 Ἄϊδος
1501 2059 1760 2146 κυνέην,
1797 2060 1891 2154 μή
1936 2092 2045 2150 μιν
2084 2059 2211 2132 ἴδοι
2250 2059 2506 2154 ὅὸριμος
2548 2070 2771 2154 ''Apag-

665 2177 783 2262 καὶ
821 2177 1173 2278 ἀναφέρων
1209 2177 1302 2260 εἰς
1346 2179 1464 2247 τὸν
1495 2177 1552 2246 θ
1585 2174 1628 2246 ά
1658 2201 1692 2243 ν
1726 2202 1771 2248 α
1804 2201 1843 2246 τ
1875 2205 1909 2248 ο
1939 2205 1998 2268 ν,
2038 2179 2120 2249 ἂν
2168 2181 2259 2250 τά
2288 2189 2416 2272 τῆς
2456 2169 2867 2276 ἐνδυμασίας
2904 2181 3125 2248 αὐτοῦ

662 2292 854 2399 εἶχον
887 2298 1153 2386 ἄλλως,
1174 2303 1289 2370 καὶ
1311 2299 1394 2369 ἂν
1429 2299 1476 2392 ἡ
1516 2308 1734 2382 νεᾶνις
1773 2299 2155 2400 παρίστατο
2192 2303 2351 2400 οὐχὶ
2378 2299 2593 2392 ζῶσα,
2650 2299 2847 2372 ἀλλὰ
2884 2297 3117 2398 νεκρά·

661 2423 848 2494 ὥστε
885 2426 1068 2522 μετρὶ
1097 2433 1236 2495 τῶν
1279 2419 1524 2493 ἄλλων
1561 2423 1790 2520 πρέπει
1830 2426 1915 2494 νά
1953 2419 2264 2531 ἐξηγηθῇ
2308 2427 2424 2496 καὶ
2470 2429 2549 2496 τὸ
2591 2416 2921 2509 κυνοειδὲς
2984 2421 3121 2494 κά-

662 2544 936 2644 λυμμα,
975 2544 1056 2617 τὸ
1091 2553 1318 2618 ὁποῖον
1361 2537 1472 2617 ὃὲν
1509 2555 1644 2644 μᾶς
1687 2547 2023 2646 φαίνεται,
2099 2553 2205 2619 ὅτι
2249 2549 2449 2642 ἐτέθη
2492 2551 2647 2656 εἰκῇ
2682 2551 2798 2620 καὶ
2842 2546 3117 2638 ἁπλῶς,

661 2667 828 2742 ἀλλ’
869 2672 976 2742 ὅτι
1015 2663 1144 2742 εἶνε
1181 2665 1530 2768 σύμὸολον
1568 2669 2420 2769 χαρακτηριστικὼτατον.

767 2794 1012 2867 Ταῦτα
1049 2796 1534 2890 ἐρευνήσαντες
1587 2786 1776 2866 οὐδὲν
1834 2792 2019 2867 ἄλλο
2072 2798 2157 2868 νὰ
2193 2784 2701 2893 καταδείξωμεν
2755 2792 3115 2890 ἠθελήσα-

659 2942 785 3016 μεν
822 2920 870 3013 ἢ
911 2920 1018 2988 ὅτι
1059 2920 1106 3011 ἡ
1148 2916 1473 3015 εἰρημένη
1517 2915 1957 3017 παράστασις
1994 2910 2278 2990 δύναται
2338 2918 2460 3014 μὲν
2497 2918 2610 3018 ἀφ’
2640 2920 2784 3001 ἑνὸς
2826 2919 2912 2988 νὰ
2944 2921 3115 2987 ἀνα-

659 3041 800 3149 χθῇ
832 3040 1020 3112 κατὰ
1057 3040 1533 3113 πιθανώτατον
1576 3039 1790 3139 λόγον
1829 3044 1921 3126 εἰς
1959 3045 2079 3115 τὸν
2117 3042 2324 3138 μῦθον
2354 3052 2477 3114 τοῦ
2514 3040 2758 3140 Βορέου
2824 3041 2941 3111 καὶ
2970 3050 3117 3111 τῶν

657 3168 821 3237 υἱῶν
857 3164 1326 3264 αὐτοῦ,πρέπει
1359 3166 1542 3260 ὅμως
1573 3164 1686 3265 ἀφ’
1715 3166 1945 3263 ἑτέρου
1976 3168 2060 3237 νά
2086 3160 2397 3272 ἐξηγηθῇ
2430 3162 2919 3265 συμφωνότερα
2946 3166 3115 3262 πρὸς

659 3288 794 3384 τὴν
835 3288 1128 3387 γνησίαν
1202 3298 1322 3359 τοῦ
1395 3286 1604 3384 μύθου
1679 3278 2051 3387 παράδοσιν
2126 3288 2241 3358 καὶ
2281 3294 2439 3387 πρὸς
2482 3290 2605 3371 τὰς
2644 3292 2713 3358 ἐν
2750 3292 2843 3392 τῇ
2884 3284 3111 3389 τέχνῃ

655 3410 1051 3511 σωζομένας
1091 3415 1427 3510 σχετικὰς
1493 3416 1702 3483 αὐτοῦ
1738 3410 2229 3511 παραστάσεις.
2310 3414 2484 3509 ΙΙρὸς
2521 3422 2728 3483 τοῦτο
2772 3412 2958 3506 ὅμως
2994 3401 3108 3481 δὲν

655 3542 851 3638 ἀρκεῖ
881 3538 1086 3635 μόνον
1107 3538 1335 3636 ἔρευνα
1353 3534 1634 3635 ἀκριὸὴς
1667 3540 1780 3608 καὶ
1800 3534 1959 3609 ἄνευ
1979 3535 2574 3637 προκαταλήψεως
2595 3534 2927 3632 γενομένη
2965 3544 3109 3606 τῶν

655 3661 861 3761 μέχρι
904 3670 1026 3734 τοῦ
1056 3671 1168 3731 νῦν
1207 3672 1540 3758 γνωστῶν
1583 3664 1748 3757 ἡμῖν
1780 3672 2129 3759 σχετικῶν
2172 3662 2329 3761 πρὸς
2366 3660 2497 3755 τὴν
2538 3652 2909 3759 παράδοσιν
2936 3656 3109 3731 ταύ-

655 3811 789 3880 την
829 3786 1044 3886 ἔργων
1089 3794 1221 3878 τῆς
1261 3784 1538 3883 τέχνης,
1578 3785 1774 3857 ἀλλὰ
1804 3792 1921 3857 καὶ
1960 3785 2389 3884 ἀνακάλυψις
2426 3784 2621 3875 νέων,
2652 3788 2728 3855 ἐκ
2764 3792 2896 3877 τῆς
2936 3808 3106 3881 συγ-

653 3908 934 4003 κρίσεως
962 3912 1078 3981 καὶ
1105 3904 1508 4007 παραδολῆς
1538 3921 1678 3981 τῶν
1713 3909 1960 3983 ὁποίων
1992 3911 2075 3981 θὰ
2116 3901 2409 4018 ὃιαχυθῇ
2449 3910 2739 3995 πιθανῶς
2768 3914 2847 3980 τὸ
2889 3912 3107 4005 ἀναγ·

653 4044 846 4107 καῖον
880 4044 1019 4134 φῶς
1049 4034 1208 4133 πρὸς
1239 4034 1438 4133 ὀρθὴν
1468 4036 1584 4105 καὶ
1612 4035 1902 4135 ἀσφαλῆ
1932 4046 2061 4132 τῆς
2088 4036 2586 4134 παραστάσεως
2616 4028 2949 4134 ἐξήγησιν
2970 4028 3101 4138 (¹).

2074 4162 2160 4233 K.
2220 4164 2293 4232 Δ.
2355 4160 2838 4233 ΜΥΛΩΝΑΣ.

727 4380 785 4453 (⁴)
827 4378 1149 4451 Σημειωτέον
1180 4376 1255 4432 ὅτι
1284 4374 1561 4451 ἀμφότεραι
1591 4380 1640 4432 αἱ
1669 4378 1848 4443 εἰκόνες
1876 4386 1977 4435 τῶν
2008 4376 2057 4433 ἐν
2085 4380 2224 4453 λόγῳ
2254 4376 2465 4453 ἀγγείων
2504 4378 2584 4434 δέν
2613 4374 2923 4445 ἀπεδόθησαν
2948 4376 3103 4435 τόσον

651 4473 858 4534 πιστῶς,
919 4462 1036 4521 ὅσον
1067 4462 1421 4539 ἐπεθυμοῦμεν,
1479 4469 1771 4539 ὑστεροῦσαι
1827 4476 1929 4524 τῶν
1958 4471 2301 4540 πρωτοτόκων
2328 4468 2411 4522 καὶ
2438 4464 2489 4522 ἐν
2526 4464 2699 4532 ἄλλοις
2729 4466 2835 4538 μέν,
2882 4464 3104 4539 μάλιστα

651 4556 706 4613 δί
735 4552 785 4614 ἐν
811 4560 872 4629 τῇ
893 4550 1123 4629 ἐκφράσει
1148 4562 1251 4611 τῶν
1279 4559 1586 4629 προσώπων.
