3634 5575
721 389 826 450 382
1361 405 1464 446 aro
1503 405 1572 444 ιιι
1608 403 1793 445 omum
1830 405 1939 446 rur.
1974 403 2283 446 unu-nm
2322 404 2515 446 Arx-ma

715 545 1052 638 περιττῶς
1128 525 1702 636 διεσκευασμένης
1797 527 2257 635 διακρίνονται
2360 535 2526 635 ἴχνη
2600 531 3213 638 ἐπιχρυσώσεως.

713 663 834 736 Ἐν
901 651 1092 760 δεξιᾷ
1188 669 1324 734 τοῦ.
1387 665 1680 759 ὁρῶντος
1763 663 1882 732 καὶ
1962 662 2056 744 εἰς
2130 664 2212 732 τὸ
2294 659 2665 760 ἔμπροσθεν
2762 659 2991 760 μέρος
3086 663 3226 748 τῆς

723 781 988 886 βάσεως
1023 793 1148 858 τοῦ
1189 779 1468 880 ἀγγείου
1498 791 2001 884 παρατηρεῖται
2038 774 2241 883 ῥόδαξ
2289 781 2675 884 ἐπίχρυσος,
2720 785 2929 868 ὅστις
2974 777 3227 882 φαίνε-

721 933 840 984 ται
877 909 987 982 ὅτι
1019 899 1206 1008 εἶχεν
1241 905 1468 980 ἄλλον
1525 905 1973 1006 ἀντίστοιχον
2033 909 2103 979 ἐν
2142 909 2463 1007 ἀριστερᾷ
2520 918 2650 1004 τῆς
2704 905 3029 1006 βάσεως·
3098 905 3227 976 καὶ

719 1031 868 1108 ἀνω
901 1025 974 1108 δὲ
1013 1041 1136 1107 τοῦ
1173 1035 1361 1107 κατά
1401 1031 1639 1134 χώραν
1675 1029 2108 1133 ὑπάρχοντος
2150 1043 2265 1104 νῦν
2304 1023 2587 1133 ῥόδακος
2616 1034 2733 1105 καὶ
2752 1036 2843 1116 εἰς
2860 1033 2963 1105 τὸ
2988 1027 3225 1130 ἄκρον

722 1163 854 1252 τῆς
891 1145 1276 1256 ένδρομίδος
1315 1165 1438 1230 τοῦ
1477 1145 1668 1238 ὃεξοῦ
1707 1145 1913 1242 ποδὸς
1950 1169 2071 1228 τοῦ
2114 1155 2379 1229 νεανίου
2431 1165 2943 1257 παρατηρεῖται
2993 1153 3229 1254 παρό-

715 1305 910 1382 μοιος
945 1269 1150 1382 ῥόὸαξ
1189 1275 1430 1380 ὀλίγον
1465 1277 2245 1380 μικρότερος,ίπίχρυσος
2287 1281 2405 1352 καὶ
2444 1277 2642 1365 οὗτος
2677 1273 2803 1384 (¹).
2855 1279 3035 1374 Τὴν
3080 1274 3223 1374 βά-

713 1429 824 1478 σιν
861 1411 984 1476 τοῦ
1019 1399 1298 1502 ἀγγείου
1335 1401 1614 1502 περιθέει
1671 1404 2013 1501 κόσμημα
2058 1398 2345 1503 φύλλων
2403 1402 2801 1496 ὑπόλευκον,
2857 1405 3081 1474 κατὰ
3128 1400 3218 1471 τὸ

713 1525 982 1600 ὄπισθεν
1017 1517 1090 1598 δὲ
1121 1524 1319 1626 μέρος
1360 1517 1745 1622 διήνθισται
1785 1529 1867 1598 τὸ
1910 1528 2192 1624 ἀγγεῖον
2235 1525 2529 1624 μεγάλῳ
2568 1525 3049 1626 γεγραμμένῳ
3091 1527 3209 1594 ἀν·

709 1646 1052 1748 θιμίῳ.Τά
1086 1647 1432 1749 χρώματα
1471 1659 1596 1722 τοῦ
1636 1647 1915 1748 ἀγγείου
1963 1648 2237 1740 τούτου,
2277 1647 2763 1724 ποικιλώτατα
2806 1650 2898 1734 ὡς
2936 1648 3082 1720 καὶ
3108 1647 3209 1718 τά

709 1785 833 1848 τοῦ
869 1773 1140 1874 πρώτου
1180 1775 1300 1846 καὶ
1339 1771 1694 1872 σωζόμενα
1731 1777 1917 1846 κατὰ
1960 1775 2039 1845 τὸ
2079 1773 2411 1848 πλεῖστον
2454 1773 2652 1875 μέρος
2714 1779 2977 1857 ἱκανῶς
3056 1765 3207 1844 εἷνε

711 1904 806 1974 τά
829 1895 1016 1996 ἑξῆς·
1053 1901 1250 2002 φαιὸν
1291 1892 1582 2002 (grau),
1609 1897 1872 1999 ἐρυθρὸν
1911 1895 2279 1972 ἀποκλίνον
2314 1902 2405 1983 εἰς
2436 1902 2519 1970 τὸ
2547 1897 2772 1997 μέλαν
2798 1889 3201 2000 (dunkel-

707 2020 948 2127 τοῦθ),
1014 2013 1244 2108 ίοειὸὶς
1293 2015 1630 2126 (νροίθῑ),
1667 2019 1983 2122 χρυσίζον
2018 2014 2126 2122 (²)
2180 2015 2468 2124 (gold),
2502 2022 2825 2122 πράσινον
2858 2013 3200 2124 (griin)‚

710 2147 1178 2253 μελανόφαιον
1207 2139 1545 2248 (braun),
1581 2157 1870 2219 κυανοῦν
1897 2144 2269 2221 ἀποκλίνον
2310 2148 2401 2231 εἰς
2444 2147 2523 2220 τὸ
2552 2146 2775 2244 μέλαν
2804 2139 3199 2248 (dunkel-

713 2267 954 2374 blau),
1008 2269 1722 2347 κυανοῦν-ἀποκλίνον.
1765 2271 1858 2354 εἰς
1906 2274 1982 2341 τὸ
2023 2269 2267 2344 λευκόν
2305 2263 2779 2371 (hell-blau).

819 2397 996 2497 Πρὸς
1030 2393 1458 2495 καλλιτέραν
1485 2391 1894 2492 κατάληψιν
1928 2403 2068 2465 τῶν
2104 2384 2440 2496 διαφόρων
2477 2395 2595 2464 καὶ
2614 2392 2944 2466 ποικίλων
2982 2419 3191 2494 χρω-

709 2517 958 2620 μάτων
1003 2531 1148 2592 τῶν
1183 2519 1330 2618 περὶ
1350 2511 1449 2589 ὧν
1490 2516 1755 2615 όλόγος
1795 2513 2096 2615 ἀγγείων
2131 2519 2244 2588 καὶ
2268 2527 2411 2588 τῶν
2432 2527 2653 2616 μερῶν
2690 2520 2793 2617 ἐφ’
2815 2510 2911 2588 ὧν
2930 2527 3181 2588 ταῦτα

704 2635 838 2719 εἶνε
875 2641 1386 2742 ἐπιτεθειμένα,
1442 2645 1615 2742 ἀφοῦ
1655 2633 1768 2712 διὰ
1805 2638 2078 2724 πολλὰς
2120 2636 2345 2724 αἰτίας
2387 2631 2497 2711 δὲν
2559 2632 2981 2738 ἐδυνήθημεν
3055 2639 3181 2711 ἐπὶ

707 2781 830 2845 τοῦ
867 2770 1201 2871 παρόντος
1235 2769 1323 2841 νά
1362 2765 1901 2864 ἀπεικονίσωμεν
1940 2767 2121 2837 αὐτὰ
2160 2767 2342 2864 μετὰ
2380 2775 2523 2838 τῶν
2565 2764 2964 2865 χρωμάτων
2988 2791 3174 2854 των,

707 2892 1257 2991 ἀπετυπώσαμεν
1311 2897 1382 2965 ἐν
1424 2902 1528 2989 τῷ
1564 2889 1857 2988 κειμένῳ
1912 2893 2040 2973 τὰς
2080 2880 2196 2961 δύο
2251 2892 2496 2989 μικράς
2540 2893 2773 2961 αὐτῶν
2816 2884 3172 2989 ξυλογρα·

703 3017 1018 3121 φίας,ὑπὸ
1057 3018 1185 3102 τάς
1227 3016 1460 3100 ὁποίας
1498 3014 1791 3115 ὑπάρχει
1874 3008 2133 3111 κλίμαξ
2171 3005 2631 3115 διευκρινοῦσα
2696 3024 2825 3087 ποῦ
2860 3012 3171 3087 ἕκαστον

704 3150 844 3214 τῶν
879 3142 1279 3241 χρωμάτων
1307 3132 1439 3213 εἷνε
1479 3136 1999 3235 ὲπιτεθειμένον.

811 3258 902 3335 Ἡ
941 3264 1258 3365 ἔκφρασις
1295 3274 1437 3335 τῶν
1475 3260 1878 3361 προσώπων,
1919 3262 1966 3355 ἡ
2007 3258 2279 3352 στάσις,
2336 3262 2416 3331 τὸ
2454 3259 2763 3333 ποικίλον
2810 3270 2930 3333 τοῦ
2966 3286 3161 3359 χρω-

701 3396 1052 3485 ματισμοῦ
1119 3386 1235 3457 καὶ
1279 3387 1326 3481 ἡ
1364 3384 1717 3479 λεπτότης
1755 3391 1887 3479 τῆς
1925 3381 2243 3481 ἐργασίας
2280 3380 2898 3483 χαρακτηρίζουσιν
2933 3385 3163 3485 ἀμφό-

702 3534 863 3611 τερα
900 3510 996 3584 τά
1036 3511 1287 3608 ἀγγεῖα
1325 3518 1554 3581 ταῦτα
1615 3512 1709 3579 τά
1766 3505 2055 3607 ἄριστα,
2118 3507 2211 3590 ὡς
2253 3498 2393 3602 ἤδη
2437 3507 2710 3605 ἐρρήθη,
2766 3518 2907 3578 τῶν
2944 3507 3155 3607 μέχρι

703 3624 900 3707 τοῦδε
955 3636 1033 3705 ἐκ
1083 3628 1449 3731 Τανάγρας
1502 3630 1973 3731 προελθόντων
2031 3633 2165 3702 ἀπὸ
2224 3640 2347 3704 τοῦ
2414 3632 2635 3703 1872·
2698 3622 2800 3703 διὸ
2844 3623 3155 3718 οὐδόλως

699 3905 754 3961 δὲ
781 3903 932 3976 mle-7⁹2<
978 3906 1059 3965 ὃὲν
1087 3906 1290 3980 ἔχουσιν
1317 3907 1484 3978 πλήρη
1531 3906 1620 3974 τὴν
1651 3908 1938 3977 διατήρησιν
1980 3906 2292 3979 (Stephani
2340 3904 2509 3963 αὖτόθ.
2542 3907 2651 3963 σελ.
2685 3908 2805 3979 53),
2864 3908 3151 3977 συλλήὸδην

698 3994 752 4051 δὲ
780 3994 930 4050 εἰπεῖν
959 3992 1218 4068 ἀμφότερα
1241 3994 1306 4049 τὰ
1335 3992 1568 4066 εἰρημένα
1597 3990 1771 4067 ἀγγεῖα
1796 3995 2057 4067 ὑστεροῦσι
2101 4000 2189 4049 τοῦ·
2217 3996 2459 4066 ἡμετέρου
2490 3992 2547 4050 οὗ
2580 3996 2754 4068 μικρὸν
2791 3995 2917 4051 κατά
2958 4016 3012 4051 τε
3054 3996 3150 4065 τὴν

697 4084 986 4156 διατήρησιν
1013 4088 1102 4137 τοῦ
1128 4088 1498 4157 χρωματισμοῦ
1533 4082 1616 4136 καὶ
1643 4082 1731 4150 τὴν
1757 4084 1963 4156 τέχνην.

773 4172 832 4245 (⁴)
873 4172 944 4229 Οἱ
974 4170 1179 4243 ρόὃακες
1225 4166 1361 4227 οὗτοι
1391 4170 1626 4243 οὐδεμίαν
1655 4174 1830 4245 ἔχουσι
1858 4174 2033 4246 σχέσιν
2061 4171 2185 4244 πρὸς
2213 4172 2301 4240 τὴν
2328 4172 2659 4245 παράστασιν,
2701 4170 2815 4227 ἀλλ’
2847 4166 2943 4231 εἷνε
2970 4174 3147 4240 ἁπλῶς

696 4260 990 4333 κοσμηταοὶ
1015 4256 1084 4322 εἷς
1109 4258 1173 4314 τὰ
1192 4262 1415 4316 τοιούτου
1447 4260 1605 4324 εἴδους
1644 4256 1837 4333 ἀγγεῖα,
1870 4263 1940 4324 ὡς
1968 4260 2285 4333 πολυάριθμα
2318 4262 2698 4334 παραδείγματα
2747 4258 3143 4321 ἀποδεικνύουσι.

699 4349 867 4405 Βλέπε
895 4348 1174 4420 Stephani
1207 4348 1416 4406 Boreas
1447 4348 1560 4405 und
1601 4349 1696 4405 die
1725 4348 2031 4406 Boreaden-
2053 4348 2159 4403 σελ.
2183 4349 2248 4404 24
2280 4368 2400 4421 σημ.
2436 4350 2467 4405 2
2494 4350 2576 4403 καὶ
2603 4350 2674 4406 G.
2707 4351 2856 4408 Treu
2885 4348 2935 4406 ἐν
2963 4352 3137 4410 Arch.

699 4436 948 4507 Zeitung
976 4436 1114 4492 1875
1143 4436 1233 4490 σελ
1261 4436 1350 4492 41.

769 4522 830 4597 (²)
875 4522 1018 4596 Ὅρα
1045 4523 1134 4593 τὴν
1163 4520 1214 4580 ἐν
1241 4524 1349 4579 σελ.
1385 4524 1488 4583 380
1515 4526 1738 4598 ὑποσημ.
1772 4527 2023 4599 δευτέραν.
