3634 5575
1118 411 1219 450 aro
1258 413 1325 450 ΕΞ
1365 413 1548 452 orl-rus
1588 413 1693 452 rm:
1729 412 2041 453 ΤΑΝΑῙῬῙΚΑ
2078 413 2274 452 Arrssm
2825 397 2929 456 385

478 543 852 646 μαρτυρίας
897 555 1035 616 τῶν
1085 554 1394 638 ποιητῶν
1434 544 1550 614 καὶ
1599 542 2047 645 συγγραφέων
2106 545 2221 614 καὶ
2273 545 2625 629 κατὰιτάς
2678 548 2747 616 ἐν
2785 553 2929 632 τοῖς

477 663 865 746 διασωθεῖσι
903 668 1260 769 μνημείοις
1299 649 1768 768 παραστάσεις
1809 671 1869 742 οἱ
1908 669 2189 764 ἀληθεῖς
2232 662 2649 770 Βορεάδαι,οί
2686 661 2935 770 γεννη·

477 793 700 878 θέντες
741 798 866 867 ὑπὸ
908 805 1030 868 τοῦ
1081 792 1326 890 Βορέου
1363 793 1481 864 καὶ
1533 803 1664 886 τῆς
1719 791 2111 893 Ὠρειθυίας·
2153 783 2696 894 παραδεχόμενοι
2746 797 2931 894 ὅμως

478 922 599 990 τὸν
631 916 898 990 νεανίαν
941 917 1058 990 ἕνα
1115 922 1190 988 ἐκ
1229 927 1369 988 τῶν
1425 908 1540 988 δύο
1585 909 1981 1015 Βορεαδῶν,
2043 908 2153 989 δὲν
2192 909 2535 1016 δυνάμεθα
2575 915 2788 993 πλέον
2844 921 2929 991 νὰ

477 1037 935 1140 ἐξηγήσωμεν
978 1042 1109 1134 τὴν
1151 1031 1423 1112 νεάνιδα
1458 1041 1551 1122 ὡς
1586 1037 1974 1138 Ὠρείθυιαν.
2030 1039 2267 1112 Ἀλλὰ
2304 1041 2421 1113 καὶ
2466 1039 2704 1138 ἄλλην
2746 1033 2935 1116 οὐδε·

474 1163 636 1263 μίαν
693 1162 1102 1264 γνωρίζομεν
1163 1163 1480 1261 ἁρπαγὴν
1521 1155 2060 1264 διαπραχθεῖσαν
2104 1167 2231 1237 ὑπὸ
2263 1175 2387 1238 τοῦ
2426 1164 2656 1260 Ζήτου
2713 1168 2761 1262 ἢ
2808 1175 2931 1240 τοῦ

477 1279 861 1379 Καλάϊδος,
905 1287 1038 1383 τὴν
1084 1285 1318 1359 ὁποίαν
1385 1289 1468 1358 να
1524 1285 1963 1386 σχετίσωμεν
2021 1291 2180 1388 πρὸς
2242 1287 2376 1384 τὴν
2434 1288 2783 1390 ἡμετέραν
2822 1293 2929 1362 ἐν·

477 1411 696 1484 ταῦθα
730 1407 1190 1510 παράστασιν.

577 1535 725 1632 Τὴν
800 1529 1133 1634 ἐξήγησιν
1224 1543 1354 1630 τῆς
1434 1530 1938 1631 παραστάσεως
2034 1531 2299 1628 ταύτης
2372 1531 2772 1636 ἐπεχείρησε
2844 1537 2931 1608 νά

470 1651 666 1765 δώσῃ
707 1657 974 1732 ἄλλοτε
1015 1663 1048 1730 ὁ
1091 1653 1490 1758 Stephani,
1533 1653 1768 1729 λαὸὼν
1820 1657 2133 1758 ἀφορμὴν
2190 1661 2267 1730 ἔκ
2306 1685 2489 1744 τινος
2559 1659 2929 1759 παρομοίου

475 1782 753 1881 ἀγγείου
801 1779 938 1886 (¹),
991 1783 1106 1853 καὶ
1163 1777 1490 1880 στηρίξας
1561 1781 1782 1874 αὐτὴν
1840 1780 1947 1852 ἐπί
2013 1763 2195 1865 τινος
2258 1791 2380 1854 τοῦ
2438 1782 2650 1880 μύθου
2711 1808 2928 1882 παρα-

477 1897 847 2000 δόσεως,ἢν
879 1906 1189 2008 ἀναφέρει
1213 1909 1378 2003 ἡμῖν
1403 1909 1435 1976 ὁ
1464 1897 1792 2004 Διόδωρος
1835 1898 1905 1974 Ε’
1938 1905 2148 1997 50,2.
2178 1905 2384 1978 Κατὰ
2406 1907 2527 1977 τὸν
2546 1905 2755 2003 μῦθον
2772 1913 2930 1979 τοῦ-

477 2055 600 2102 τον
635 2035 668 2101 ὁ
699 2029 950 2130 Βορέας
981 2031 1304 2124 ἐγέννησε
1332 2020 1446 2100 δύο
1477 2030 1658 2111 υἱοὺς
1687 2032 1845 2126 οὐχ
1890 2033 2113 2124 όμομ
2142 2047 2301 2125 ητρ
2330 2025 2403 2100 ίο
2430 2055 2467 2100 υ
2490 2055 2549 2118 ς,
2581 2036 2732 2101 τὸν
2771 2031 2835 2102 Λ
2859 2059 2930 2102 υ·

473 2164 733 2251 κοῢργ
757 2180 846 2225 ον
905 2153 1056 2223 καὶ
1115 2179 1154 2222 τ
1184 2157 1216 2222 ὸ
1244 2179 1278 2221 ν
1333 2151 1566 2222 Βούτ
1593 2173 1723 2245 ην·
1791 2157 1825 2221 ὁ
1874 2151 2137 2245 Βούτης
2184 2149 2405 2242 οὗτος,
2447 2153 2538 2236 ὡς
2580 2141 2927 2249 διηγεῖται

471 2279 637 2372 ἡμῖν
678 2283 712 2350 ὀ
757 2269 1108 2376 Διόδωρος,
1153 2274 1476 2372 νεώτερος
1515 2276 1608 2346 ὢν
1639 2271 2083 2346 ἐπεὸούλευσε
2129 2285 2230 2370 τῷ
2264 2267 2541 2376 ἀδελφῷ
2573 2280 2783 2348 αὐτοῦ
2809 2265 2935 2349 καὶ·

467 2401 875 2500 καταφανὴς
915 2401 1274 2498 γενόμενος
1295 2397 1480 2470 ἄλλο
1510 2400 1634 2496 μὲν
1669 2389 1858 2470 οὐδὲν
1898 2401 2023 2469 ύπό·
2065 2408 2186 2470 τοῦ
2228 2397 2621 2495 Λυκούργου
2660 2397 2926 2490 ἔπαθεν,

471 2521 680 2595 ἔλαὸε
704 2517 772 2595 δὲ
793 2523 1208 2623 πρόσταγμα
1245 2525 1353 2595 ὑπ
1396 2525 1631 2610 αὐτοῦ,
1658 2522 1838 2604 ὅπως
1883 2523 2065 2617 μετὰ
2096 2531 2237 2592 τῶν
2270 2515 2926 2634 συνεπιὸουλευσάν·

475 2672 612 2718 των
657 2643 890 2717 λαὸὼν
930 2645 1143 2718 πλοῖα
1174 2645 1456 2748 ζητήσῃ
1499 2642 1735 2737 ἄλλην
1774 2641 2012 2742 χώραν
2056 2645 2215 2741 πρὸς
2258 2631 2613 2715 κατοικίαν
2645 2633 2933 2745 ,διόπερ

472 2769 854 2853 ἐκπλεύσας
894 2773 1078 2869 μετὰ
1122 2780 1261 2841 τῶν
1302 2766 1961 2867 συνεγκαλουμένων
1984 2769 2271 2867 Θρακῶν
2310 2792 2425 2838 και
2465 2755 2576 2839 διὰ
2614 2777 2754 2840 τῶν
2783 2755 2925 2841 Κυ·
2922 2852 2929 2861 ¹

471 2886 751 2966 κλάδων
771 2899 1002 2991 νήσων
1021 2891 1463 2991 κομιζόμενος
1484 2892 1792 2991 κατέσχε
1813 2892 1946 2987 τὴν
1968 2901 2180 2985 νῆσον
2201 2886 2457 2985 Νάξον,
2461 2892 2577 2963 καὶ
2606 2896 2677 2964 ἐν
2693 2888 2923 3000 ταύτῃ

470 3030 813 3094 κατοικῶν
881 3011 1218 3128 ἐλῄστευε
1258 3017 1562 3102 πολλοὺς
1620 3028 1759 3089 τῶν
1816 3016 2383 3119 παραπλεόντων.
2426 3007 2707 3113 Ἐπειδὴ
2740 3002 2819 3089 ’δὲ
2862 3019 2923 3091 οἱ

468 3362 750 3421 dell'Inst.
781 3363 938 3421 arch.
975 3364 1030 3421 V
1057 3364 1255 3419 aiv-12.
1289 3363 1507 3420 Annal.
1539 3362 1819 3420 dell‘Inst.
1854 3362 2009 3421 arch.
2041 3362 2159 3435 τόμ.
2191 3364 2298 3420 XX
2351 3365 2453 3419 m'v.
2483 3366 2663 3437 προάθ.
2696 3366 2768 3423 G.
2793 3364 2923 3423 Mil-

471 3450 672 3522 lingon
702 3454 891 3509 Peint.
923 3453 994 3508 de
1023 3453 1138 3509 div
1173 3452 1320 3509 Con.
1381 3453 1482 3507 πίν.
1515 3454 1568 3509 6.
1600 3452 1776 3509 Arch.
1809 3452 1952 3509 zeit.
1988 3452 2127 3509 1846
2154 3454 2255 3508 πίν.
2289 3453 2377 3509 44.
2411 3452 2499 3509 45.
2563 3456 2687 3511 Ἐπὶ
2722 3451 2921 3529 ἀγγείου

468 3540 598 3603 τινὸς
627 3547 712 3608 τῆς
743 3541 991 3613 συλλογῆς
1021 3539 1184 3597 l⁴eoli
1219 3539 1957 3610 (Bull.de111n=,t1tarch
1996 3540 2132 3597 1865
2152 3542 2257 3595 σελ.
2292 3541 2389 3615 50)
2438 3539 2721 3599 ἀπαντῶσιν
2762 3540 2921 3629 οἱμφό·

467 3648 602 3701 τεροι
631 3631 678 3683 οἱ
709 3629 962 3739 Βορεάδαι
991 3629 1377 3703 πωγωνοφόροι,
1411 3636 1559 3683 τοῦτο
1588 3627 1727 3701 ὅμως
1758 3626 2003 3701 ἐξηγεῖται
2049 3627 2101 3682 ἐκ
2127 3636 2213 3698 τῆς
2242 3632 2460 3700 σπουδῆς
2487 3638 2575 3685 τοῦ
2604 3632 2830 3706 τεχνίτου
2861 3632 2922 3688 v&

471 3722 608 3795 δώσῃ
661 3718 726 3784 εἷς
755 3721 812 3776 τὸ
841 3724 987 3794 ἔργον
1015 3742 1100 3775 του
1132 3726 1430 3795 γαρακτῆρα
1474 3716 1740 3793 ἀρχαϊκόν.
1788 3720 1961 3791 Πρόλ.
2006 3720 2088 3773 καὶ
2117 3718 2395 3791 Stephani
2444 3718 2613 3778 αὖτόθ.
2672 3720 2779 3776 cel.
2830 3722 2918 3779 21.

541 3810 600 3883 (⁴)
643 3810 719 3865 Τό
749 3808 946 3883 ἀγγεῖον
975 3817 1123 3865 τοῦτο
1153 3807 1392 3881 εὓρεθεν’
1371 3830 1421 3864 εν
1454 3810 1641 3879 Ὀλὸίᾳ
1667 3810 1750 3863 καὶ
1785 3806 1982 3864 ἐκδοθὲν
2010 3808 2069 3862 τὸ
2096 3816 2298 3881 πρῶτον
2328 3807 2470 3881 μέν’
2450 3828 2499 3864 εν
2530 3810 2917 3869 Verbandl.d.

467 3901 555 3959 25.
589 3900 934 3958 Versamml.
969 3900 1270 3957 deutscher
1289 3898 1574 3969 Philolog.
1610 3900 1675 3955 in
1695 3898 1866 3955 Halle
1899 3898 2037 3956 1867
2066 3899 2174 3953 σελ.
2206 3898 2310 3956 163
2332 3898 2456 3971 μετὰ
2486 3900 2687 3972 μετρίας
2716 3896 2921 3965 εἰκόνος,

466 3988 634 4042 ἔπειτα
650 3988 701 4041 δὲ
717 3995 790 4061 τῷ
811 3987 940 4044 1871
978 3985 1103 4058 μετὰ
1131 3988 1408 4058 κρείττονος
1441 3984 1628 4048 εἰκόνος
1657 3986 1754 4039 ὑπὸ
1785 3984 2067 4056 Stephani
2100 3980 2149 4040 ἐν
2188 3985 2361 4041 Mem.
2396 3984 2697 4043 del'Acad.
2729 3986 2799 4044 de
2814 3987 2926 4043 St.-

465 4076 861 4147 P6tersb0urg,
896 4077 1036 4133 VII⁰
1067 4076 1584 4141 Serie‚10meXVI,
1619 4070 1750 4145 άριθ.
1773 4075 1840 4130 13
1866 4076 1966 4127 πίν.
1992 4073 2115 4128 [καὶ
2142 4074 2239 4127 ὑπὸ
2264 4074 2351 4129 τὸν
2379 4074 2547 4129 τίτλον
2564 4074 2773 4132 Boreas
2802 4075 2922 4132 und

463 4166 556 4221 die
576 4165 873 4220 Boreaden
903 4156 997 4219 εἷνε
1013 4163 1310 4235 ὁμοιότατον
1332 4162 1455 4233 πρὸς
1485 4162 1542 4216 τὸ
1556 4164 1797 4233 ἡμέτερον
1810 4160 1938 4215 κατὰ
1953 4162 2041 4231 τὴν
2070 4162 2239 4217 στάσιν
2254 4162 2437 4231 καὶτὴν
2450 4162 2664 4217 καθόλου
2680 4165 2917 4233 σύνθεσιν,

461 4256 641 4327 τέχνης
671 4252 724 4305 δὲ
762 4253 888 4305 πολὺ
918 4254 1294 4323 ὑποδεεστέρας.
1343 4254 1438 4307 Ἐκ
1479 4258 1568 4305 τοῦ
1610 4248 1825 4325 ἀρχικοῦ
1859 4249 2009 4305 αὐτοῦ
2058 4252 2281 4305 ποικίλου
2309 4260 2683 4326 χρωματισμοῦ
2710 4254 2920 4323 διεσώθη

463 4340 615 4411 μόνον
645 4338 702 4393 τὸ
729 4338 904 4394 λευκὸν
933 4347 1126 4413 χρῶμα
1152 4346 1238 4407 τῆς
1256 4342 1457 4410 πρώτης
1487 4338 1658 4412 χειρὸς
1691 4338 1802 4409 (die
1826 4337 2308 4409 Untermalung),
2335 4328 2431 4393 εἷνε
2446 4336 2499 4391 δὲ
2526 4342 2731 4411 προσέτι
2755 4341 2817 4397 τὸ
2834 4336 2921 4414 σἰγ-

461 4439 596 4501 γεῖον
625 4427 856 4490 κολοὸὸν,
889 4425 1211 4495 ἐλλειπούσης
1259 4434 1344 4495 τῆς
1376 4427 1592 4499 κεφαλῆς
1614 4433 1699 4494 τῆς
1729 4426 1951 4488 νεάνιδος
1984 4425 2109 4498 μετὰ
2137 4432 2223 4495 τῆς
2254 4426 2413 4490 δεξιᾶς
2442 4425 2591 4497 αὐτῆς
2618 4428 2811 4503 χειρός.
2856 4428 2923 4487 Ὁ

461 4518 653 4579 νεανίας
681 4518 814 4590 φέρει
845 4513 924 4569 ἐπὶ
949 4523 1036 4585 τῆς
1063 4516 1278 4588 κεφαλῆς
1305 4515 1545 4587 κάλυμμα
1575 4512 1750 4586 ὅμοιον
1781 4516 2019 4588 Φρυγικῷ
2048 4515 2199 4587 πίλῳ,
2234 4511 2331 4589 ἐνῷ
2350 4514 2661 4590 τόκάλυμμα
2687 4524 2775 4572 τοῦ
2801 4520 2927 4591 {ws-

461 4609 608 4679 τέρου
637 4607 827 4662 νεανίου
859 4607 1143 4661 συνίσταται
1172 4602 1224 4658 ἐκ
1254 4606 1405 4676 δορᾶς
1433 4604 1649 4678 κεφαλῆς
1677 4604 1955 4666 κυνοειδοῦς
1982 4622 2115 4667 τινος
2140 4606 2294 4667 ζώου.

757 4742 946 4782 nrt-rn-
966 4740 1351 4781 anundus-r.
1367 4740 1460 4779 vu.
2533 4714 2625 4789 25
