3634 5575
1082 444 1184 486 nro
1223 447 1292 486 aa
1328 445 1512 486 omns
1549 447 1656 488 rm:
1691 447 1999 489 ‘murum
2038 445 2235 488 ArrmA
2785 427 2891 487 383

439 574 849 680 διστάζομεν
911 578 996 649 νά
1043 574 1498 676 θεωρήσωμεν
1540 580 1723 652 αὐτὰ
1777 581 1871 666 ὡς
1923 576 2404 653 ἀποτελοῦντα
2466 573 2746 672 ἀληθῶς
2796 575 2890 649 τά

438 679 810 804 ὡραιόῗὲερα
850 705 966 774 καὶ
999 699 1371 801 τιμιώτεροι
1411 701 1926 802 προσκτήματα
1967 714 2106 776 τῶν
2147 696 2222 785 ἐξ
2264 705 2485 795 ὀπτῆς
2523 709 2656 800 γῆς
2694 689 2891 772 εἰδω-

438 827 612 903 λίων
632 837 763 924 τῆς
797 825 1160 925 συλλογῆς
1199 835 1329 922 τῆς
1361 830 1430 899 ἐν
1465 825 1790 924 Ἀθήναις
1808 821 2756 929 Ἀρχαιολογικῆς“ΕταιρίαςΑ
2778 822 2897 896 καὶ

439 951 631 1046 τόσῳ
671 949 951 1050 μᾶλλον
989 947 1366 1048 τιμιώτεροι
1386 1005 1408 1040 ,
1446 950 1587 1047 ὅσῳ
1634 952 1752 1023 καὶ
1789 943 1923 1024 εἷνε
1963 946 2428 1050 προελεύσεως
2468 942 2743 1044 βεὸαίας
2779 945 2898 1018 καὶ

437 1072 961 1174 ἀπηλλαγμένα
1011 1070 1244 1168 πάσης
1300 1072 1576 1159 νοθείας.
1633 1073 1730 1146 Ἡ
1786 1073 2009 1175 τέχνη
2065 1083 2209 1146 τῶν
2246 1076 2319 1145 ἐν
2359 1070 2555 1169 λόγῳ
2593 1065 2895 1170 ἀγγείων

440 1189 694 1272 δικαιοῖ
716 1200 905 1298 ἡμᾶς
946 1199 1031 1269 νά
1075 1194 1538 1296 ἀναγάγωμεν
1583 1201 1766 1272 αὐτά
1809 1201 1906 1283 εἰς
1944 1199 2065 1271 τὸν
2112 1200 2221 1270 4⁰⁹
2258 1222 2328 1269 π.
2369 1222 2449 1295 χ.
2496 1195 2738 1268 αἰῶνα.

555 1322 694 1394 Καὶ
735 1331 958 1393 ταῦτα
990 1320 1114 1420 μὲν
1153 1321 1244 1393 τά
1281 1321 1467 1393 κατὰ
1505 1321 1637 1417 τὴν
1675 1322 2097 1422 προέλευσιν,
2138 1319 2273 1416 τὴν
2314 1309 2753 1418 διατήρησιν,
2775 1317 2901 1389 τὸν

445 1446 950 1545 χρωματισμὸν
995 1443 1115 1516 καὶ
1157 1443 1290 1538 τὴν
1327 1443 1743 1540 λεπτότητα
1781 1453 1917 1541 τῆς
1961 1441 2285 1545 ἐργασίας
2330 1445 2558 1516 αὐτῶν
2583 1464 2602 1483 ·
2660 1450 2777 1514 νῦν
2819 1430 2893 1524 δὲ

449 1567 532 1652 ἀς
571 1561 1006 1666 ἐξετάσωμεν
1044 1568 1136 1639 τά
1177 1576 1318 1639 τῶν
1356 1566 1882 1667 παραστάσεων.

552 1688 648 1762 Ἡ
690 1692 815 1791 μὲν
870 1699 992 1764 τοῦ
1048 1687 1320 1790 πρώτου
1378 1695 1449 1763 ἐν
1487 1690 1717 1766 πίνακι
1779 1694 1949 1765 xm
1991 1687 2585 1790 ἀπεικονιζομένου
2627 1687 2908 1789 ἀγγείου

449 1812 884 1914 παράστασις
925 1807 1054 1887 εἶνε
1093 1818 1208 1917 ἀφ’
1243 1817 1498 1908 ἑαυτῆς
1538 1815 1827 1913 γνωστὴ
1867 1817 1985 1888 καὶ
2023 1815 2303 1918 φανερὰ,
2344 1819 2424 1888 ἐκ
2466 1813 2741 1914 κόγχης
2781 1803 2907 1908 δη-

447 1929 664 2034 λαδὴ,
711 1938 803 2023 ὡς
848 1937 1121 2039 ἐρρήθη,
1190 1930 1830 2038 ἀναδυομὲνης
1886 1939 2151 2042 Ἀφρο
2180 1931 2217 2011 δ
2248 1938 2448 2036 ίτης
2478 1933 2793 2040 (1).-Τῆς
2838 1929 2909 2010 δὲ

447 2059 950 2162 παραστάσεως
991 2072 1112 2134 τοῦ
1149 2052 1460 2162 δευτέρου
1503 2061 1782 2162 ἀγγείου
1820 2071 1945 2136 τοῦ
1986 2059 2493 2148 ἀποτελοῦντος
2532 2065 2616 2137 τὸ
2667 2060 2907 2162 χαρίεν

450 2187 664 2258 ἐκεῖνο
707 2183 1134 2284 σύμπλεγμα
1177 2195 1299 2258 τοῦ
1336 2183 1603 2258 νεανίου
1662 2197 1788 2260 τοῦ
1829 2182 2363 2286 ἀποκομίζοντος
2423 2186 2553 2282 τὴν
2589 2177 2909 2279 νεάνιδα,

451 2309 535 2385 τὸ
567 2312 792 2380 ὁποῖον
831 2307 1356 2405 ἀπεικονίσαμεν
1394 2311 1464 2380 ἐν
1505 2303 1743 2380 πίνακι
1783 2309 1944 2401 xli,
1990 2299 2291 2411 διάφοροι
2327 2300 2663 2405 ἐδόθησαν
2705 2308 2911 2410 μέχρι

454 2440 577 2503 τοῦ
620 2441 735 2504 νῦν
772 2435 899 2505 ὑπὸ
942 2442 1084 2505 τῶν
1160 2432 1512 2530 ἡμετέρων
1559 2429 1954 2531 ἐξηγήσεις,
1990 2425 2089 2503 ὧν
2153 2442 2334 2532 τρεῖς
2373 2435 2445 2506 αἱ
2506 2431 2911 2534 κυριώτεραι

456 2547 587 2627 εἶνε
609 2557 680 2627 αἱ
700 2553 1064 2628 ἀκόλουθοι
1083 2550 1403 2656 (2)·κατά
1420 2556 1546 2652 μὲν
1565 2555 1697 2650 τὴν
1722 2553 2007 2656 πρώτην
2034 2566 2177 2629 τῶν
2203 2552 2609 2655 ἐξηγήσεων
2648 2552 2912 2630 τούτων

457 2677 832 2777 γενομένην
888 2681 1015 2752 ὑπὸ
1060 2689 1180 2750 τοῦ
1217 2679 1499 2780 Ἐφόρου
1559 2704 1622 2751 κ.
1671 2679 1762 2751 Π.
1811 2675 2257 2778 Σταματάκη
2301 2672 2408 2781 (³)
2466 2683 2501 2752 ό
2546 2679 2912 2766 νεανίας

457 2798 626 2877 εἷνε
659 2803 977 2904 Ἑρμῆς
1017 2802 1172 2876 ἴσω
1193 2829 1250 2894 ς,
1294 2807 1341 2898 ἡ
1381 2794 1454 2877 δὲ
1481 2814 1701 2889 νεᾶνις
1738 2802 2019 2904 ψυχή,
2084 2805 2271 2878 κατὰ
2308 2795 2381 2877 δὲ
2418 2804 2553 2900 τὴν
2592 2796 2914 2905 δευτέραν

455 2927 1060 3027 μνημονευομένην
1105 2930 1176 2998 ἐν
1219 2936 1360 3011 τοῖς
1403 2937 1802 3026 πρακτικοῖς
1843 2938 1975 3023 τῆς
2016 2934 2087 3000 ἐν
2124 2926 2450 3025 Ἀθήναις
2487 2928 2910 3029 Ἀρχαιολο-

459 3062 664 3150 γικῆς
701 3049 1045 3152 Ἑταιρίας
1082 3040 1190 3154 (⁴)
1247 3057 1280 3123 ό
1320 3054 1672 3138 νεανίας
1707 3045 1895 3125 εἶνε
1934 3050 2267 3151 Ἑρμῆς
2306 3052 2355 3148 ἢ
2394 3048 2670 3153 Ἔρως
2710 3052 2915 3125 ἀποί-

463 3202 637 3275 γων
676 3177 723 3272 ἢ
771 3172 1113 3275 μᾶλλον
1171 3170 1768 3257 ἑλκυστάζων
1828 3166 2188 3247 νεάνιδα
2231 3176 2278 3271 ἢ
2336 3172 2666 3275 ψυχήν,
2728 3182 2916 3250 κατά

462 3296 700 3393 δὲτὴν
742 3297 983 3395 τρίτην
1019 3298 1592 3371 ἀνακοινωθεῒσαν
1663 3301 1789 3371 ὑπὸ
1854 3309 1977 3372 τοῦ
2012 3297 2420 3396 καθηγητοῦ
2478 3324 2547 3372 κ.
2590 3302 2669 3373 Δ.
2713 3301 2914 3399 Σεμι·

463 3422 674 3496 τέλου
715 3432 820 3519 τῷ
859 3447 924 3493 κ.
969 3420 1297 3523 Στεφάνῳ
1367 3413 1822 3529 Κουμανούδῃ
1894 3412 2002 3524 (⁸)
2074 3426 2109 3493 ὁ
2146 3418 2510 3507 νεανίας
2571 3414 2730 3496 εἶνε
2768 3423 2917 3497 Βο-

465 3544 675 3646 ρέας
711 3540 1126 3645 ἁρπάζων
1169 3544 1324 3641 τὴν
1362 3542 1899 3646 Ὠρείθυιαν.

539 3784 600 3857 (⁴)
639 3778 1140 3857 Ἀμφιὸάλλομεν,ἀν
1166 3785 1198 3853 ἡ
1227 3782 1534 3856 παράστασις
1589 3784 1712 3852 αὕτη
1741 3789 1831 3853 τῆς
1858 3784 2163 3857 Ἀφροδίτης
2190 3784 2363 3858 πρίπει
2408 3782 2471 3840 νά
2506 3778 2703 3860 ἀνοιχθῇ
2734 3781 2803 3851 εἷς
2827 3786 2918 3857 τὴν

466 3872 565 3929 ὑπὸ
591 3879 682 3928 τοῦ·
693 3873 894 3929 Φειδίου
906 3868 988 3926 ἐπὶ
1013 3876 1104 3927 τοῦ
1131 3871 1315 3944 βάθρου
1344 3878 1433 3927 τοῦ
1462 3870 1583 3934 Διὸς
1619 3868 1670 3926 ἐν
1690 3871 1953 3944 Ὀλυμπίᾳ
1978 3873 2265 3941 ποιηθεῖσαν
2278 3876 2360 3941 ,ἢν
2387 3872 2658 3945 ὑπεδέχετο
2683 3868 2918 3931 ἀνιοῦσαν

467 3958 522 4017 ἐκ
547 3968 635 4031 τῆς
663 3960 915 4031 θαλάσσης
942 3959 1122 4033 Ἔρως
1152 3960 1353 4031 (Παυσ.
1389 3960 1484 4027 Ε’,
1510 3959 1688 4031 11.8),
1713 3957 1851 4024 ὅπως
1880 3959 1909 4015 ὁ
1928 3960 2208 4032 Stephani
2247 3961 2331 4034 (C.
2366 3960 2674 4031 R.1870171
2707 3963 2919 4037 etl-⁴5)

469 4048 593 4123 μετὰ
619 4050 812 4119 πολλῆς
837 4048 1174 4121 πολυμαθείας
1201 4046 1264 4103 νὰ
1289 4044 1523 4121 ἀποδείξῃ
1552 4044 1857 4121 ἀπεπειράθη
1898 4047 1980 4102 διὰ
2006 4048 2096 4117 τὴν
2124 4054 2417 4123 παρεμφερῆ
2458 4052 2520 4123 τῇ
2566 4051 2787 4124 ἡμετέρᾳ
2829 4057 2919 4106 τοῦ

469 4139 812 4209 Eremitago.

527 4227 587 4300 (²)
626 4226 710 4282 Τὰ
735 4224 786 4281 ἐν
813 4226 1088 4287 πολιτικαῖς
1117 4221 1402 4297 ἐφημερίσιν
1429 4230 1530 4279 τῶν
1561 4225 1794 4293 Ἀθηνῶν
1824 4225 1937 4297 περὶ
1963 4230 2053 4279 to&
2080 4220 2279 4298 ἀγγείου
2308 4226 2487 4280 τούτου
2520 4226 2913 4297 δημοσιωθέντα

472 4318 542 4380 ὡς
569 4313 874 4386 ἠκούσαμεν,
918 4316 1032 4367 οὔτε
1057 4315 1140 4367 ὑπ’
1171 4311 1282 4385 ὄψιν
1311 4312 1516 4386 εἴχομεν
1546 4314 1658 4368 οὔτε
1681 4318 1867 4385 γνῶσιν
1896 4310 2061 4367 αὐτῶν
2098 4311 2353 4384 οὐδεμίαν.

547 4404 606 4476 (³)
629 4405 807 4472 Ἀθην.
840 4403 978 4475 Τόμ.
1011 4402 1090 4460 Θ’
1117 4402 1224 4457 σελ.
1257 4401 1382 4459 461.

549 4492 607 4565 (⁴)
649 4491 912 4563 Πρακτικά
941 4492 1100 4564 Ἀρχ.
1147 4488 1346 4562 Ἑταιρ.
1382 4490 1538 4557 1882,
1571 4491 1678 4546 σελ.
1713 4490 1800 4546 13.

548 4580 609 4654 (⁸)
651 4580 916 4653 Πρακτικόι
952 4576 1122 4634 αὐτόθι
1149 4578 1256 4633 σελ.
1292 4578 1360 4636 13
1387 4579 1610 4650 ὑποσημ.
